@article{Ximenes2021,
  title={{Mapping the hidden diversity of the \emph{Geophagus sensu stricto} species group (Cichlidae: Geophagini) from the Amazon basin}},
  author={Ximenes, A. M. and Bittencourt, P. S. and Machado, V. N. and Hrbek, T. and Farias, I. P.},
  journal={PeerJ},
  volume={9},
  pages={e12443},
  year={2021},
  doi={10.7717/peerj.12443}
}
